<record xmlns="http://www.loc.gov/MARC21/slim" xmlns:xsi="http://www.w3.org/2001/XMLSchema-instance" xsi:schemaLocation="http://www.loc.gov/MARC21/slim http://www.loc.gov/standards/marcxml/schema/MARC21slim.xsd"><leader>01880nam a2200361   4500</leader><controlfield tag="001">001680267</controlfield><controlfield tag="003">NNU</controlfield><controlfield tag="006">m        d        </controlfield><controlfield tag="007">cr cn |||m|||a</controlfield><controlfield tag="008">150223s195u    ti      o     000 1 ara d</controlfield><datafield ind1=" " ind2=" " tag="040"><subfield code="a">NNU</subfield><subfield code="b">eng</subfield><subfield code="e">rda</subfield><subfield code="c">NNU</subfield></datafield><datafield ind1=" " ind2="4" tag="050"><subfield code="a">PJ7698.A5</subfield><subfield code="b">Z5</subfield></datafield><datafield ind1="1" ind2=" " tag="100"><subfield code="6">880-01</subfield><subfield code="a">Bakri&#772;, Ah&#803;mad ibn &#699;Abd Alla&#772;h,</subfield><subfield code="d">active 9th century.</subfield></datafield><datafield ind1="1" ind2="0" tag="245"><subfield code="6">880-02</subfield><subfield code="a">Si&#772;rat al-Ima&#772;m &#699;Ali&#772; ibn Abi&#772; T&#803;a&#772;lib ... /</subfield><subfield code="c">bi-riwa&#772;yat Abi&#772; al-H&#803;asan Ah&#803;mad ibn &#699;Abd Alla&#772;h ibn Muh&#803;ammad al-Bakri&#772;.</subfield></datafield><datafield ind1=" " ind2="1" tag="264"><subfield code="6">880-03</subfield><subfield code="a">Tu&#772;nis :</subfield><subfield code="b">Mat&#803;ba&#699;at al-Mana&#772;r,</subfield><subfield code="c">[195-?]</subfield></datafield><datafield ind1=" " ind2=" " tag="300"><subfield code="a">online resource (112 pages)</subfield></datafield><datafield ind1=" " ind2=" " tag="336"><subfield code="a">text</subfield><subfield code="2">rdacontent</subfield></datafield><datafield ind1=" " ind2=" " tag="337"><subfield code="a">computer</subfield><subfield code="2">rdamedia</subfield></datafield><datafield ind1=" " ind2=" " tag="338"><subfield code="a">online resource</subfield><subfield code="2">rdacarrier</subfield></datafield><datafield ind1=" " ind2=" " tag="500"><subfield code="a">Part of the Arabic Collections Online (ACO) project, contributed by New York Univeristy Libraries.</subfield></datafield><datafield ind1=" " ind2=" " tag="533"><subfield code="a">Electronic reproduction.</subfield><subfield code="b">New York, N.Y. :</subfield><subfield code="c">New York University,</subfield><subfield code="d">2015.</subfield><subfield code="5">NNU</subfield></datafield><datafield ind1="0" ind2="0" tag="600"><subfield code="a">&#699;Ali&#772; ibn Abi&#772; T&#803;a&#772;lib,</subfield><subfield code="c">Caliph,</subfield><subfield code="d">600 (ca.)-661</subfield><subfield code="v">Fiction.</subfield></datafield><datafield ind1="0" ind2="7" tag="600"><subfield code="a">&#699;Ali&#772; ibn Abi&#772; T&#803;a&#772;lib,</subfield><subfield code="c">Caliph,</subfield><subfield code="d">approximately 600-661.</subfield><subfield code="2">fast</subfield><subfield code="0">(OCoLC)fst01804105</subfield></datafield><datafield ind1=" " ind2="7" tag="655"><subfield code="a">Fiction.</subfield><subfield code="2">fast</subfield><subfield code="0">(OCoLC)fst01423787</subfield></datafield><datafield ind1="2" ind2=" " tag="710"><subfield code="a">New York University.</subfield><subfield code="b">Libraries.</subfield></datafield><datafield ind1="0" ind2=" " tag="730"><subfield code="a">Arabic Collections Online.</subfield></datafield><datafield ind1="0" ind2="8" tag="776"><subfield code="i">Print version:</subfield><subfield code="a">Bakri&#772;, Ah&#803;mad ibn &#699;Abd Alla&#772;h, active 9th century.</subfield><subfield code="t">Si&#772;rat al-Ima&#772;m &#699;Ali&#772; ibn Abi&#772; T&#803;a&#772;lib</subfield><subfield code="w">(NNU)001680267</subfield></datafield><datafield ind1="4" ind2="0" tag="856"><subfield code="u">http://hdl.handle.net/2333.1/pc866vwk</subfield></datafield><datafield ind1="1" ind2=" " tag="880"><subfield code="6">100-01/</subfield><subfield code="a">&#1576;&#1603;&#1585;&#1610;&#1548; &#1575;&#1581;&#1605;&#1583; &#1576;&#1606; &#1593;&#1576;&#1583; &#1575;&#1604;&#1604;&#1607;&#1548;</subfield><subfield code="d">active 9th century..</subfield></datafield><datafield ind1="1" ind2="0" tag="880"><subfield code="6">245-02/</subfield><subfield code="a">&#1587;&#1610;&#1585;&#1577; &#1575;&#1604;&#1575;&#1605;&#1575;&#1605; &#1593;&#1604;&#1610; &#1576;&#1606; &#1575;&#1576;&#1610; &#1591;&#1575;&#1604;&#1576; ... /</subfield><subfield code="c">&#1576;&#1585;&#1608;&#1575;&#1610;&#1577; &#1575;&#1576;&#1610; &#1575;&#1604;&#1581;&#1587;&#1606; &#1575;&#1581;&#1605;&#1583; &#1576;&#1606; &#1593;&#1576;&#1583; &#1575;&#1604;&#1604;&#1607; &#1576;&#1606; &#1605;&#1581;&#1605;&#1583; &#1575;&#1604;&#1576;&#1603;&#1585;&#1610;.</subfield></datafield><datafield ind1=" " ind2="1" tag="880"><subfield code="6">264-03/</subfield><subfield code="a">&#1578;&#1608;&#1606;&#1587; :</subfield><subfield code="b">&#1605;&#1591;&#1576;&#1593;&#1577; &#1575;&#1604;&#1605;&#1606;&#1575;&#1585;&#1548;</subfield><subfield code="c">[195-?]</subfield></datafield><datafield ind1=" " ind2=" " tag="959"><subfield code="a">NNU</subfield><subfield code="b">WEB</subfield><subfield code="c">GENI</subfield><subfield code="t">0</subfield><subfield code="m">Electronic access</subfield><subfield code="s">01</subfield></datafield><datafield ind1=" " ind2=" " tag="999"><subfield code="i">NNU_001680267</subfield><subfield code="s">nyu_aco000323</subfield></datafield></record>